<?xml version="1.0" encoding="utf-8"?>
<record xmlns="http://www.loc.gov/MARC21/slim" xmlns:xsi="http://www.w3.org/2001/XMLSchema-instance" xsi:schemaLocation="http://www.loc.gov/MARC21/slim http://www.loc.gov/standards/marcxml/schema/MARC21slim.xsd">
	<leader>     nam a22     Mi 4500</leader>
	<controlfield tag="001">b23459220</controlfield>
	<controlfield tag="003">LeBAU</controlfield>
	<controlfield tag="006">m        d        </controlfield>
	<controlfield tag="007">cr cn |||m|||a</controlfield>
	<controlfield tag="008">200522m19251954le abc  ob    ||0 0 ara d</controlfield>
	<datafield ind1=" " ind2=" " tag="040">
		<subfield code="a">ZYU</subfield>
		<subfield code="b">ara</subfield>
		<subfield code="e">rda</subfield>
		<subfield code="c">ZYU</subfield>
	</datafield>
	<datafield ind1="0" ind2="4" tag="082">
		<subfield code="a">956</subfield>
		<subfield code="2">22</subfield>
	</datafield>
	<datafield ind1="1" ind2=" " tag="100">
		<subfield code="6">880-01</subfield>
		<subfield code="a">Bayyuhum, Muḥammad Jamīl ,</subfield>
		<subfield code="e">author.</subfield>
	</datafield>
	<datafield ind1="1" ind2="0" tag="245">
		<subfield code="6">880-02</subfield>
		<subfield code="a">Falsafat al-tārīkh al-ʻUthmānī /</subfield>
		<subfield code="c">taʼlīf Muḥammad Jamīl Bayhum.</subfield>
	</datafield>
	<datafield ind1=" " ind2="2" tag="264">
		<subfield code="6">880-03</subfield>
		<subfield code="a">Bayrūt :</subfield>
		<subfield code="b">Sharikat Faraj Allāh lil-Maṭbūʻāt,</subfield>
		<subfield code="c">1334-1373 H. = 1925-1954 M.</subfield>
	</datafield>
	<datafield ind1=" " ind2=" " tag="300">
		<subfield code="6">880-04</subfield>
		<subfield code="a">online resource (2 volumes) :</subfield>
		<subfield code="b">illustrations, maps, portraits</subfield>
	</datafield>
	<datafield ind1=" " ind2=" " tag="336">
		<subfield code="a">text</subfield>
		<subfield code="2">rdacontent</subfield>
	</datafield>
	<datafield ind1=" " ind2=" " tag="337">
		<subfield code="a">computer</subfield>
		<subfield code="2">rdamedia</subfield>
	</datafield>
	<datafield ind1=" " ind2=" " tag="338">
		<subfield code="a">online resource</subfield>
		<subfield code="2">rdacarrier</subfield>
	</datafield>
	<datafield ind1=" " ind2=" " tag="500">
		<subfield code="a">Part of the Arabic Collections Online (ACO) project, contributed by American University of Beirut's Jafet Memorial Library.</subfield>
	</datafield>
	<datafield ind1=" " ind2=" " tag="504">
		<subfield code="a">يتضمن مراجع ببليوغرافية.</subfield>
	</datafield>
	<datafield ind1="0" ind2=" " tag="505">
		<subfield code="a">فلسفة التاريخ العثماني: الكتاب الأول -- كيف نشأت وإرتقت السلطنة العثمانية وإلى أي حد بلغت عظمتها -- الكتاب الثاني: أسباب إنحطاط الإمبراطورية العثمانية وزوالها.</subfield>
	</datafield>
	<datafield ind1="3" ind2=" " tag="520">
		<subfield code="a">الكتاب الأول هو كتاب سياسي إجتماعي مزدان بالرسوم والخرائط، موضوعه الإمبراطورية العثمانية إلا أنه لما كان لا يعتمد في بحثه طريقة سرد الحوادث المجردة وإنما يتحرى عواملها واسبابها وفقا لما تتطلبه فلسفة التاريخ جاء بمثابة تاريخ سياسي عام لدول أوروبا الحاضرة والغابرة، فضلا عن الترك والمغول وسائر ممالك الإسلام. وهو زيادة على ذلك يلم بتاريخ التمدن الحديث وما فيه من تغالب السلطتين الزمنية والروحية، وما كان للعرب عليه من التأثير، معتمدا في ذلك ثقات المؤرخين الشرقيين والغربيين. والكتاب الثاني هو كتاب سياسي إجتماعي يتناول تاريخ العالم السياسي، خصوصا ما كان منه يتصل بالعرب والمسلمين، وذلك خلال إستعراض الأسباب التي أدت إلى إنحطاط الإمبراطورية العثمانية، وأفضت إلى زوالها. وهو إذ يلم بالتطورات الدولية أثناء التمدن الحديث يأتي على الكفاح المستمر بين الشرق والغرب بشتى مظاهره، وذلك منذ الحروب الصليبية، حتى قيام الجمهورية التركية.</subfield>
	</datafield>
	<datafield ind1=" " ind2=" " tag="533">
		<subfield code="a">Electronic reproduction.</subfield>
		<subfield code="b">New York, N.Y. :</subfield>
		<subfield code="c">New York University,</subfield>
		<subfield code="d">2020.</subfield>
		<subfield code="5">NNU</subfield>
	</datafield>
	<datafield ind1=" " ind2=" " tag="590">
		<subfield code="a">في المكتبة: الجزء 2.</subfield>
	</datafield>
	<datafield ind1=" " ind2="4" tag="651">
		<subfield code="a">تركيا</subfield>
		<subfield code="x">تاريخ.</subfield>
	</datafield>
	<datafield ind1=" " ind2="4" tag="651">
		<subfield code="a">الامبراطورية الاسلامية</subfield>
		<subfield code="x">تاريخ.</subfield>
	</datafield>
	<datafield ind1=" " ind2="4" tag="651">
		<subfield code="a">تركيا</subfield>
		<subfield code="x">تاريخ</subfield>
		<subfield code="y">الإمبراطورية العثمانية، 1288-1918.</subfield>
	</datafield>
	<datafield ind1=" " ind2="0" tag="651">
		<subfield code="a">Turkey</subfield>
		<subfield code="x">History.</subfield>
	</datafield>
	<datafield ind1=" " ind2="0" tag="651">
		<subfield code="a">Islamic Empire</subfield>
		<subfield code="x">History.</subfield>
	</datafield>
	<datafield ind1=" " ind2="0" tag="651">
		<subfield code="a">Turkey</subfield>
		<subfield code="x">History</subfield>
		<subfield code="y">Ottoman Empire, 1288-1918.</subfield>
	</datafield>
	<datafield ind1="2" ind2=" " tag="710">
		<subfield code="a">Jafet Memorial Library.</subfield>
	</datafield>
	<datafield ind1="0" ind2=" " tag="730">
		<subfield code="a">Arabic Collections Online.</subfield>
	</datafield>
	<datafield ind1="0" ind2="8" tag="776">
		<subfield code="i">Print version:</subfield>
		<subfield code="a">Bayyuhum, Muḥammad Jamīl , author.</subfield>
		<subfield code="t">Falsafat al-tārīkh al-ʻUthmānī</subfield>
		<subfield code="w">(LeBAU)b23459220</subfield>
	</datafield>
	<datafield ind1="0" ind2="8" tag="785">
		<subfield code="6">880-05</subfield>
		<subfield code="i">is continuation of (work)</subfield>
		<subfield code="4">http://rdaregistry.info/Elements/w/P10226  :</subfield>
		<subfield code="a">Bayhum, Muḥammad Jamīl, 1887-1978.</subfield>
		<subfield code="t">Falsafat al-tārīkh al-ʻUthmānī.</subfield>
		<subfield code="d">Bayrūt : Maṭbaʻat Maktabat Ṣādir, 1334-1373 H. = 1925-1954 M.</subfield>
		<subfield code="g">Volume 1</subfield>
		<subfield code="w">(OCoLC)784456581</subfield>
		<subfield code="w">(OCoLC)784456581</subfield>
	</datafield>
	<datafield ind1="4" ind2="0" tag="856">
		<subfield code="u">http://hdl.handle.net/2333.1/69p8d826</subfield>
	</datafield>
	<datafield ind1="1" ind2=" " tag="880">
		<subfield code="6">100-01</subfield>
		<subfield code="a">بيهم، محمد جميل،</subfield>
		<subfield code="e">مؤلف. </subfield>
		<subfield code="4">aut.</subfield>
	</datafield>
	<datafield ind1="1" ind2="0" tag="880">
		<subfield code="6">245-02</subfield>
		<subfield code="a">فلسفة التاريخ العثماني /</subfield>
		<subfield code="c">تأليف محمد جميل بيهم.</subfield>
	</datafield>
	<datafield ind1=" " ind2="3" tag="880">
		<subfield code="6">264-03</subfield>
		<subfield code="a">بيروت :</subfield>
		<subfield code="b">شركة فرج الله للمطبوعات،</subfield>
		<subfield code="c">1334-1373 هـ. = 1925-1954 م.</subfield>
	</datafield>
	<datafield ind1=" " ind2=" " tag="880">
		<subfield code="6">300-04</subfield>
		<subfield code="a">2 جزء :</subfield>
		<subfield code="b">مصورات، خرائط، صور شخصانية ؛</subfield>
		<subfield code="c">23 سم</subfield>
	</datafield>
	<datafield ind1="0" ind2="8" tag="880">
		<subfield code="6">785-05</subfield>
		<subfield code="i">مكمل ل (عمل)</subfield>
		<subfield code="4">http://rdaregistry.info/Elements/w/P10226 :</subfield>
		<subfield code="a">بيهم، محمد جميل، 1887-1978.</subfield>
		<subfield code="t">فلسفة التاريخ العثماني .</subfield>
		<subfield code="d">بيروت : مطبعة مكتبة صادر، 1334-1373 هـ. = 1925-1954 م.</subfield>
		<subfield code="g">الكتاب الأول</subfield>
		<subfield code="w">(LEAUB)b12672166</subfield>
		<subfield code="w">(OCoLC)784456581</subfield>
	</datafield>
	<datafield ind1=" " ind2=" " tag="959">
		<subfield code="a">NNU</subfield>
		<subfield code="b">WEB</subfield>
		<subfield code="c">GENI</subfield>
		<subfield code="t">0</subfield>
		<subfield code="m">Electronic access</subfield>
		<subfield code="s">01</subfield>
	</datafield>
	<datafield ind1=" " ind2=" " tag="999">
		<subfield code="i">LeBAU_b23459220</subfield>
		<subfield code="s">aub_aco003623:v.2</subfield>
		<subfield code="e">(ERROR-MISC)</subfield>
	</datafield>
</record>
